@article{ZaheerKRPSS17,
  author    = {Manzil Zaheer and
               Satwik Kottur and
               Siamak Ravanbakhsh and
               Barnab{\'{a}}s P{\'{o}}czos and
               Ruslan Salakhutdinov and
               Alexander J. Smola},
  title     = {Deep Sets},
  journal   = {CoRR},
  volume    = {abs/1703.06114},
  year      = {2017},
  url       = {http://arxiv.org/abs/1703.06114}}

@inproceedings{Angluin,
author = {Angluin, Dana},
title = {Local and Global Properties in Networks of Processors (Extended Abstract)},
year = {1980},
publisher = {Association for Computing Machinery},
url = {https://doi.org/10.1145/800141.804655},
booktitle = {Proceedings of the Twelfth Annual ACM Symposium on Theory of Computing},
pages = {82?93},
series = {STOC ?80}
}



@article{Jaume2019,
  author    = {Guillaume Jaume and
               An{-}phi Nguyen and
               Mar{\'{\i}}a Rodr{\'{\i}}guez Mart{\'{\i}}nez and
               Jean{-}Philippe Thiran and
               Maria Gabrani},
  title     = {edGNN: a Simple and Powerful {GNN} for Directed Labeled Graphs},
  journal   = {CoRR},
  volume    = {abs/1904.08745},
  year      = {2019},
  url       = {http://arxiv.org/abs/1904.08745}
}

@article{GilmerSRVD17,
  author    = {Justin Gilmer and
               Samuel S. Schoenholz and
               Patrick F. Riley and
               Oriol Vinyals and
               George E. Dahl},
  title     = {Neural Message Passing for Quantum Chemistry},
  journal   = {CoRR},
  volume    = {abs/1704.01212},
  year      = {2017},
  url       = {http://arxiv.org/abs/1704.01212}
}

@article{Loukas2019,
  author    = {Andreas Loukas},
  title     = {What graph neural networks cannot learn: depth vs width},
  journal   = {CoRR},
  volume    = {abs/1907.03199},
  year      = {2019},
  url       = {http://arxiv.org/abs/1907.03199}
}


@article{KipfW16,
  author    = {Thomas N. Kipf and
               Max Welling},
  title     = {Semi-Supervised Classification with Graph Convolutional Networks},
  journal   = {CoRR},
  volume    = {abs/1609.02907},
  year      = {2016},
  url       = {http://arxiv.org/abs/1609.02907}
}

@inproceedings{XuHLJ19,
  author    = {Keyulu Xu and
               Weihua Hu and
               Jure Leskovec and
               Stefanie Jegelka},
  title     = {How Powerful are Graph Neural Networks?},
  booktitle = {7th International Conference on Learning Representations, {ICLR} 2019,
               New Orleans, LA, USA, May 6-9, 2019},
  year      = {2019},
  url       = {https://openreview.net/forum?id=ryGs6iA5Km}
}
@inproceedings{grohewl,
  author    = {Christopher Morris and
               Martin Ritzert and
               Matthias Fey and
               William L. Hamilton and
               Jan Eric Lenssen and
               Gaurav Rattan and
               Martin Grohe},
  title     = {Weisfeiler and Leman Go Neural: Higher-Order Graph Neural Networks},
  booktitle = {The Thirty-Third {AAAI} Conference on Artificial Intelligence, {AAAI}
               2019, The Thirty-First Innovative Applications of Artificial Intelligence
               Conference, {IAAI} 2019, The Ninth {AAAI} Symposium on Educational
               Advances in Artificial Intelligence, {EAAI} 2019},
  pages     = {4602--4609},
  publisher = {{AAAI} Press},
  year      = {2019},
  url       = {https://aaai.org/ojs/index.php/AAAI/article/view/4384}}