@inproceedings{Hamilton2017a,
author = {Hamilton, William L. and Ying, Rex and Leskovec, Jure},
title = {Inductive Representation Learning on Large Graphs},
year = {2017},
publisher = {Curran Associates Inc.},
booktitle = {Proceedings of the 31st International Conference on Neural Information Processing Systems},
pages = {1025–1035},
series = {NIPS’17}
}
@inproceedings{Lei2017,
author = {Lei, Tao and Jin, Wengong and Barzilay, Regina and Jaakkola, Tommi},
title = {Deriving Neural Architectures from Sequence and Graph Kernels},
year = {2017},
publisher = {JMLR.org},
booktitle = {Proceedings of the 34th International Conference on Machine Learning - Volume 70},
pages = {2024–2033},
series = {ICML’17}
}

@article{Shrvashidze2011,
author = {Shervashidze, Nino and Schweitzer, Pascal and van Leeuwen, Erik Jan and Mehlhorn, Kurt and Borgwardt, Karsten M.},
title = {Weisfeiler-Lehman Graph Kernels},
year = {2011},
publisher = {JMLR.org},
volume = {12},
journal = {J. Mach. Learn. Res.},
pages = {2539–2561}
}

@article{ArvindKRV17,
  author    = {Vikraman Arvind and
               Johannes K{\"{o}}bler and
               Gaurav Rattan and
               Oleg Verbitsky},
  title     = {Graph Isomorphism, Color Refinement, and Compactness},
  journal   = {Computational Complexity},
  volume    = {26},
  number    = {3},
  pages     = {627--685},
  year      = {2017},
  url       = {https://doi.org/10.1007/s00037-016-0147-6}
}

@inproceedings{KieferSS15,
  author    = {Sandra Kiefer and
               Pascal Schweitzer and
               Erkal Selman},
  title     = {Graphs Identified by Logics with Counting},
  booktitle = {Proceedings of the 40th International Symposium on the Mathematical Foundations of Computer Science},
  pages     = {319--330},
  year      = {2015},
  url       = {https://doi.org/10.1007/978-3-662-48057-1\_25}
}

@article{CaiFI92,
  author    = {Jin{-}yi Cai and
               Martin F{\"{u}}rer and
               Neil Immerman},
  title     = {An optimal lower bound on the number of variables for graph identifications},
  journal   = {Combinatorica},
  volume    = {12},
  number    = {4},
  pages     = {389--410},
  year      = {1992},
  url       = {https://doi.org/10.1007/BF01305232}
}
@article{Jaume2019,
  author    = {Guillaume Jaume and
               An{-}phi Nguyen and
               Mar{\'{\i}}a Rodr{\'{\i}}guez Mart{\'{\i}}nez and
               Jean{-}Philippe Thiran and
               Maria Gabrani},
  title     = {edGNN: a Simple and Powerful {GNN} for Directed Labeled Graphs},
  journal   = {CoRR},
  volume    = {abs/1904.08745},
  year      = {2019},
  url       = {http://arxiv.org/abs/1904.08745}}
@inproceedings{Jin2017,
author = {Jin, Wengong and Coley, Connor W. and Barzilay, Regina and Jaakkola, Tommi},
title = {Predicting Organic Reaction Outcomes with Weisfeiler-Lehman Network},
year = {2017},
publisher = {Curran Associates Inc.},
booktitle = {Proceedings of the 31st International Conference on Neural Information Processing Systems},
pages = {2604–2613},
series = {NIPS’17}
}





@article{Zonghan2019,
  author    = {Zonghan Wu and
               Shirui Pan and
               Fengwen Chen and
               Guodong Long and
               Chengqi Zhang and
               Philip S. Yu},
  title     = {A Comprehensive Survey on Graph Neural Networks},
  journal   = {CoRR},
  volume    = {abs/1901.00596},
  year      = {2019},
  url       = {http://arxiv.org/abs/1901.00596}}
  
@article{Zhou2018,
  author    = {Jie Zhou and
               Ganqu Cui and
               Zhengyan Zhang and
               Cheng Yang and
               Zhiyuan Liu and
               Maosong Sun},
  title     = {Graph Neural Networks: {A} Review of Methods and Applications},
  journal   = {CoRR},
  volume    = {abs/1812.08434},
  year      = {2018},
  url       = {http://arxiv.org/abs/1812.08434}}

@article{DBLP:journals/corr/abs-1905-03046,
  author    = {Peter Meltzer and
               Marcelo Daniel Gutierrez Mallea and
               Peter J. Bentley},
  title     = {PiNet: {A} Permutation Invariant Graph Neural Network for Graph Classification},
  journal   = {CoRR},
  volume    = {abs/1905.03046},
  year      = {2019},
  url       = {http://arxiv.org/abs/1905.03046},
  archivePrefix = {arXiv},
  eprint    = {1905.03046},
  timestamp = {Mon, 27 May 2019 13:15:00 +0200},
  biburl    = {https://dblp.org/rec/bib/journals/corr/abs-1905-03046},
  bibsource = {dblp computer science bibliography, https://dblp.org}
}
@inproceedings{DBLP:conf/iclr/XuHLJ19,
  author    = {Keyulu Xu and
               Weihua Hu and
               Jure Leskovec and
               Stefanie Jegelka},
  title     = {How Powerful are Graph Neural Networks?},
  booktitle = {7th International Conference on Learning Representations, {ICLR} 2019,
               New Orleans, LA, USA, May 6-9, 2019},
  publisher = {OpenReview.net},
  year      = {2019},
  url       = {https://openreview.net/forum?id=ryGs6iA5Km},
  timestamp = {Thu, 25 Jul 2019 13:03:15 +0200},
  biburl    = {https://dblp.org/rec/conf/iclr/XuHLJ19.bib},
  bibsource = {dblp computer science bibliography, https://dblp.org}
}

@inproceedings{hyl17,
  author    = {William L. Hamilton and
               Zhitao Ying and
               Jure Leskovec},
  editor    = {Isabelle Guyon and
               Ulrike von Luxburg and
               Samy Bengio and
               Hanna M. Wallach and
               Rob Fergus and
               S. V. N. Vishwanathan and
               Roman Garnett},
  title     = {Inductive Representation Learning on Large Graphs},
  booktitle = {Advances in Neural Information Processing Systems 30: Annual Conference
               on Neural Information Processing Systems 2017, 4-9 December 2017,
               Long Beach, CA, {USA}},
  pages     = {1024--1034},
  year      = {2017},
  url       = {http://papers.nips.cc/paper/6703-inductive-representation-learning-on-large-graphs},
}
@inproceedings{grohewl,
  author    = {Christopher Morris and
               Martin Ritzert and
               Matthias Fey and
               William L. Hamilton and
               Jan Eric Lenssen and
               Gaurav Rattan and
               Martin Grohe},
  title     = {Weisfeiler and Leman Go Neural: Higher-Order Graph Neural Networks},
  booktitle = {The Thirty-Third {AAAI} Conference on Artificial Intelligence, {AAAI}
               2019, The Thirty-First Innovative Applications of Artificial Intelligence
               Conference, {IAAI} 2019, The Ninth {AAAI} Symposium on Educational
               Advances in Artificial Intelligence, {EAAI} 2019},
  pages     = {4602--4609},
  publisher = {{AAAI} Press},
  year      = {2019},
  url       = {https://aaai.org/ojs/index.php/AAAI/article/view/4384}}
  
@inproceedings{kipf-loose,
  author    = {Thomas N. Kipf and
               Max Welling},
  title     = {Semi-Supervised Classification with Graph Convolutional Networks},
  booktitle = {5th International Conference on Learning Representations, {ICLR} 2017,
               Toulon, France, April 24-26, 2017, Conference Track Proceedings},
  publisher = {OpenReview.net},
  year      = {2017},
  url       = {https://openreview.net/forum?id=SJU4ayYgl},
  timestamp = {Thu, 25 Jul 2019 14:25:55 +0200},
  biburl    = {https://dblp.org/rec/bib/conf/iclr/KipfW17},
  bibsource = {dblp computer science bibliography, https://dblp.org}
}
@inproceedings{xhlj19,
  author    = {Keyulu Xu and
               Weihua Hu and
               Jure Leskovec and
               Stefanie Jegelka},
  title     = {How Powerful are Graph Neural Networks?},
  booktitle = {7th International Conference on Learning Representations, {ICLR} 2019,
               New Orleans, LA, USA, May 6-9, 2019},
  publisher = {OpenReview.net},
  year      = {2019},
  url       = {https://openreview.net/forum?id=ryGs6iA5Km},
  timestamp = {Thu, 25 Jul 2019 13:03:15 +0200},
  biburl    = {https://dblp.org/rec/bib/conf/iclr/XuHLJ19},
  bibsource = {dblp computer science bibliography, https://dblp.org}
}

@inproceedings{Wu2019,
  author    = {Felix Wu and
               Amauri H. Souza Jr. and
               Tianyi Zhang and
               Christopher Fifty and
               Tao Yu and
               Kilian Q. Weinberger},
  title     = {Simplifying Graph Convolutional Networks},
  booktitle = {Proceedings of the 36th International Conference on Machine Learning,
               {ICML}},
  pages     = {6861--6871},
  year      = {2019},
  note={\url{http://proceedings.mlr.press/v97/wu19e.html}}
}


@article{Hoang2019RevisitingGN,
  title={Revisiting Graph Neural Networks: All We Have is Low-Pass Filters},
  author={NT Hoang and Takanori Maehara},
  journal={ArXiv},
  year={2019},
  volume={abs/1905.09550}
}

@article{journals/pieee/OrtegaFKMV18,
  author = {Ortega, Antonio and Frossard, Pascal and Kovacevic, Jelena and Moura, José M. F. and Vandergheynst, Pierre},
  ee = {https://doi.org/10.1109/JPROC.2018.2820126},
  journal = {Proceedings of the IEEE},
  pages = {808-828},
  title = {Graph Signal Processing: Overview, Challenges, and Applications.},
  volume = 106,
  year = 2018
}
@incollection{NIPS2019_8488,
title = {Provably Powerful Graph Networks},
author = {Maron, Haggai and Ben-Hamu, Heli and Serviansky, Hadar and Lipman, Yaron},
booktitle = {Advances in Neural Information Processing Systems 32},
editor = {H. Wallach and H. Larochelle and A. Beygelzimer and F. d\textquotesingle Alch\'{e}-Buc and E. Fox and R. Garnett},
pages = {2156--2167},
year = {2019},
publisher = {Curran Associates, Inc.},
url = {http://papers.nips.cc/paper/8488-provably-powerful-graph-networks.pdf}
}

@article{DBLP:journals/corr/abs-1901-09342,
  author    = {Haggai Maron and
               Ethan Fetaya and
               Nimrod Segol and
               Yaron Lipman},
  title     = {On the Universality of Invariant Networks},
  journal   = {CoRR},
  volume    = {abs/1901.09342},
  year      = {2019},
  url       = {http://arxiv.org/abs/1901.09342},
  archivePrefix = {arXiv},
  eprint    = {1901.09342},
  timestamp = {Sat, 02 Feb 2019 16:56:00 +0100},
  biburl    = {https://dblp.org/rec/journals/corr/abs-1901-09342.bib},
  bibsource = {dblp computer science bibliography, https://dblp.org}
}

@article{Vignac2019OnTC,
  title={On the choice of graph neural network architectures},
  author={Cl'ement Vignac and Guillermo Ortiz-Jim{\'e}nez and Pascal Frossard},
  journal={ArXiv},
  year={2019},
  volume={abs/1911.05384}
}

@article{Grel2019AnAO,
  title={An Anatomy of Graph Neural Networks Going Deep via the Lens of Mutual Information: Exponential Decay vs. Full Preservation},
  author={Nezihe Merve G{\"u}rel and Hansheng Ren and Yujing Wang and Hui Xue and Yaming Yang and Ce Zhang},
  journal={ArXiv},
  year={2019},
  volume={abs/1910.04499}
}
@article{Cai2018,
  author    = {Chen Cai and
               Yusu Wang},
  title     = {A simple yet effective baseline for non-attribute graph classification},
  journal   = {CoRR},
  volume    = {abs/1811.03508},
  year      = {2018},
  url       = {http://arxiv.org/abs/1811.03508}
}

@article{chen2019powerful,
  title={Are powerful graph neural nets necessary? a dissection on graph classification},
  author={Chen, Ting and Bian, Song and Sun, Yizhou},
  journal={arXiv preprint arXiv:1905.04579},
  year={2019}
}

@article{atamna2019principled,
  title={A Principled Approach to Analyze Expressiveness and Accuracy of Graph Neural Networks},
  author={Atamna, Asma and Sokolovska, Nataliya and Crivello, Jean-Claude},
  year={2019}
}
